@article{Monica,
  title={{Topology based data analysis identifies a subgroup of breast cancers with a unique mutational profile and excellent survival}},
  author={Nicolau, Monica and Levine, Arnold and Carlsson, Gunnar},
  journal={Proceedings of the National Academy of Science},
  volume={108},
  number={17},
  pages={7265--7270},
  year={2011},
}

@article{Extracting,
author = {Lum, P. and Singh, G. and Lehman, A. and Ishkanov, T. and Vejdemo-Johansson, M. and Alagappan, M. and Carlsson, J. and Carlsson, G.},
journal = {Scientific Reports},
title = {{Extracting insights from the shape of complex data using topology}},
volume = {3},
year = {2013},
}
